@Manual{thread-1.3.0,
title = {Thread 1.3.0 Public Specification},
author = {Thread Group},
version = {1.3.0}
}

@misc{ot-devices,
    author = {Openthread},
    title = {Node Roles and Types},
    howpublished = "\textit{https://openthread.io/guides/thread-primer/node-roles-and-types}",
    note = {\\Online; dostęp 17:20 3.12.2023}
}

@misc{thread-smart-home,
    author = {The Verge},
    title = {Thread is Matter’s secret sauce for a better smart home},
    howpublished = {\textit{https://www.theverge.com/23165855/thread-smart-home-protocol-matter-apple-google-interview}},
    note = {\\Online; dostęp 15:34 4.12.2023}
}

@misc{thread-bt-zigbee-comparison,
    author = {Silicon Labs},
    title = {Benchmarking Bluetooth Mesh, Thread, and Zigbee Network Performance},
    howpublished = {\\\textit{https://www.silabs.com/wireless/multiprotocol/mesh-performance}},
    note = {\\Online; dostęp 16:46 4.12.2023}
}

@misc{thread-commissioning,
    author = {Nordic Semiconductor},
    title = {OpenThread commissioning},
    howpublished = {\\\textit{https://developer.nordicsemi.com/nRF\_Connect\_SDK/doc/latest/nrf/protocols/thread/overview\\/commissioning.html}},
    note = {\\Online; dostęp 13:10 5.12.2023}
}

@misc{nrf52833-diagram,
    author = {Nordic Semiconductor},
    title = {nRF52833 DK Block diagram},
    howpublished = {\\\textit{https://infocenter.nordicsemi.com/topic/ug\_nrf52833\_dk/UG/dk/\\hw\_block\_diagram.html?cp=5\_1\_4\_7\_1}},
    note = {\\Online; dostęp 12:11 8.12.2023}
}

@misc{nrf52833-characteristics,
    author = {Nordic Semiconductor},
    title = {nRF52833 Product Specification},
    howpublished = {\\\textit{https://infocenter.nordicsemi.com/topic/ps\_nrf52833/keyfeatures\_html5.html?cp=5\_1\_0}},
    note = {\\Online; dostęp 13:04 8.12.2023}
}

@misc{nrf-connect,
    author = {Nordic Semiconductor},
    title = {nRF Connect SDK},
    howpublished = {\\\textit{https://developer.nordicsemi.com/nRF\_Connect\_SDK/doc/latest/nrf/index.html}},
    note = {\\Online; dostęp 13:49 8.12.2023}
}

@misc{nrf-ide,
    author = {Nordic Semiconductor},
    title = {nRF Connect for VS Code},
    howpublished = {\\\textit{https://www.nordicsemi.com/Products/Development-tools/nrf-connect-for-vs-code}},
    note = {\\Online; dostęp 14:45 8.12.2023}
}

@misc{nrf52833-tcc,
    author = {Google},
    title = {OpenThread Nordic Semiconductor platforms},
    howpublished = {\\\textit{https://openthread.io/vendors/nordic-semiconductor}},
    note = {\\Online; dostęp 16:51 8.12.2023}
}

@misc{openthread-br,
    author = {Google},
    title = {OpenThread Border Router},
    howpublished = {\\\textit{https://openthread.io/guides/border-router}},
    note = {\\Online; dostęp 17:01 8.12.2023}
}

@misc{otbr-docker,
    author = {Google},
    title = {Run OTBR Docker},
    howpublished = {\\\textit{https://openthread.io/guides/border-router/docker/run}},
    note = {\\Online; dostęp: 11:15 10.12.2023}
}

@misc{otbr-rcp-app,
    author = {Google},
    title = {OpenThread on Nordic NRF528xx Example},
    howpublished = {\\\textit{https://github.com/openthread/ot-nrf528xx}},
    note = {Online; dostęp: 11:20 10.12.2023}
}

@misc{otbr-cli,
    author = {Google},
    title = {OpenThread CLI Overview},
    howpublished = {\\\textit{https://openthread.io/reference/cli}},
    note = {\\Online; dostęp: 12:18 10.12.2023}
}

@misc{project-repo,
    author = {Paweł Tymoczko},
    title = {Projekt systemu automatyki domowej.},
    howpublished = {\\\textit{https://github.com/Pawlicho/thread-coap}},
    note = {\\Online; dostęp: 12:51 10.12.2023}
}

@misc{aiocoap,
    author = {Christian Amsüss and the aiocoap contributors},
    title = {aiocoap – The Python CoAP library.},
    howpublished = {\\\textit{https://aiocoap.readthedocs.io/en/latest}},
    note = {\\Online; dostęp: 14:15 10.12.2023}
}

@misc{sqlite,
    author = {The SQLite Consortium},
    title = {SQLite overview.},
    howpublished = {\\\textit{https://www.sqlite.org/index.html}},
    note = {Online; dostęp: 14:15 10.12.2023}
}

@misc{flask,
    author = {Flask},
    title = {Flask's Docummentation},
    howpublished = {\\\textit{https://flask.palletsprojects.com/en/3.0.x/}},
    note = {\\Online; dostęp: 17:20 8.12.2023}
}

@misc{grafana,
    author = {Grafana Labs},
    title = {Grafana},
    howpublished = {\\\textit{https://grafana.com/grafana/}},
    note = {\\Online; dostęp: 9:38 12.12.2023}
}

@misc{nrf-thread-version-options,
    author = {Nordic Semiconductor},
    title = {Thread Specification options},
    howpublished = {\\\textit{https://developer.nordicsemi.com/nRF\_Connect\_SDK/doc/latest/nrf/protocols/thread\\/configuring.html\#id11}},
    note = {\\Online; dostęp: 11:22 15.12.2023}
}

@misc{mbed-tls-alt,
    author = {Awesome C++, LibHunt Network},
    title = {Mbed TLS alternatives},
    howpublished = {\\\textit{https://cpp.libhunt.com/mbedtls-alternatives}},
    note = {\\Online; dostęp: 10:07 16.12.2023}
}
